%% Webpage
@misc{ref1,
  author = "{Organización de las Naciones Unidas}",
  title = "{Objetivo 11: Lograr que las ciudades sean más inclusivas, seguras, resilientes y sostenibles}",
  howpublished = "Organización de las Naciones Unidas",
  year = "2023",
  note = "[En línea]. Available: https://www.un.org/sustainabledevelopment/es/water-and-sanitation/. [Último acceso: 21 06 2025]"
}

%% Journal article
@article{ref2,
  author = "E. Vega López",
  title = "{Agua, crecimiento económico y bienestar social en México}",
  journal = "Revista de Economía Mexicana Anuario UNAM",
  volume = "I",
  number = "8",
  pages = "233, 294",
  year = "2023"
}

%% Journal article
@article{ref3,
  author = "A. Glória and J. Cardoso and P. Sebastiäo",
  title = "{Sustainable Irrigation System for Farming Supported by Machine Learning and Real-Time Sensor Data}",
  journal = "Sensors",
  year = "2021"
}

%% Webpage
@misc{ref4,
  author = "{Comisión del Agua del Estado de México}",
  title = "{Tarifas de agua potable, drenaje y tratamiento de aguas residuales}",
  howpublished = "Agencia Digital del Estado de México",
  year = "2024",
  note = "[En línea]. Available: https://caem.edomex.gob.mx/tarifas_agua_potable_drenaje_y_tratamiento_aguas_residuales. [Último acceso: 21 06 2025]"
}